@inproceedings{tuch2007types,
  title={Types, bytes, and separation logic},
  author={Tuch, Harvey and Klein, Gerwin and Norrish, Michael},
  booktitle={Proceedings of the 34th annual ACM SIGPLAN-SIGACT symposium on Principles of programming languages},
  pages={97--108},
  year={2007}
}

@article{kang2015formal,
  title={A formal C memory model supporting integer-pointer casts},
  author={Kang, Jeehoon and Hur, Chung-Kil and Mansky, William and Garbuzov, Dmitri and Zdancewic, Steve and Vafeiadis, Viktor},
  journal={ACM SIGPLAN Notices},
  volume={50},
  number={6},
  pages={326--335},
  year={2015},
  publisher={ACM New York, NY, USA}
}

@article{memarian2019exploring,
  title={Exploring C semantics and pointer provenance},
  author={Memarian, Kayvan and Gomes, Victor BF and Davis, Brooks and Kell, Stephen and Richardson, Alexander and Watson, Robert NM and Sewell, Peter},
  journal={Proceedings of the ACM on Programming Languages},
  volume={3},
  number={POPL},
  pages={1--32},
  year={2019},
  publisher={ACM New York, NY, USA}
}

@article{kuz2007camkes,
  title={CAmkES: A component model for secure microkernel-based embedded systems},
  author={Kuz, Ihor and Liu, Yan and Gorton, Ian and Heiser, Gernot},
  journal={Journal of Systems and Software},
  volume={80},
  number={5},
  pages={687--699},
  year={2007},
  publisher={Elsevier}
}

@article{lattuada2023verus,
  title={Verus: Verifying Rust Programs using Linear Ghost Types (extended version)},
  author={Lattuada, Andrea and Hance, Travis and Cho, Chanhee and Brun, Matthias and Subasinghe, Isitha and Zhou, Yi and Howell, Jon and Parno, Bryan and Hawblitzel, Chris},
  journal={arXiv preprint arXiv:2303.05491},
  year={2023}
}
